@article{chorin,
AUTHOR={A.J. Chorin and O.H. Hald and R. Kupferman},
TITLE={Optimal prediction with memory},
JOURNAL={Physica D},
VOLUME={166},
PAGES={239--257},
YEAR=2002
}

@article{koopman,
AUTHOR={B.O. Koopman},
TITLE={Hamiltonian systems and transformation in {H}ilbert space},
JOURNAL={Proc. Nat. Acad. Sci.},
VOLUME={17},
PAGES={315--318},
YEAR=1931
}

@book{nazarenko,
AUTHOR={S. Nazarenko},
TITLE={Wave Turbulence},
PUBLISHER={Springer},
ADDRESS={New York, NY},
YEAR=2011
}

@article{nazarenko2,
AUTHOR={S. Nazarenko and M. Onorato},
TITLE={Wave turbulence and vortices in {B}ose--{E}instein condensation},
JOURNAL={Physica D},
VOLUME={219},
PAGES={1--12},
YEAR=2006
}

@article{newell,
AUTHOR={A.C. Newell and S. Nazarenko and L. Biven},
TITLE={Wave turbulence and intermittency},
JOURNAL={Physica D},
VOLUME={152},
PAGES={520--550},
YEAR=2001
}

@article{cai,
AUTHOR={D. Cai and A.J. Majda and D.W. McLaughlin and E.G. Tabak},
TITLE={Dispersive wave turbulence in one dimension},
JOURNAL={Physica D},
VOLUME={152},
PAGES={551--572},
YEAR=2001
}

@article{mordant,
AUTHOR={N. Mordant and B. Miquel},
TITLE={Intermittency and emergence of coherent structures in wave turbulence of a vibrating plate},
JOURNAL={Phys. Rev. E},
VOLUME={96},
PAGES={042204},
YEAR=2017
}

@article{schmid,
AUTHOR={P. Schmid},
TITLE={Dynamic mode decomposition of numerical and experimental data},
JOURNAL={J. Fluid Mech.},
VOLUME={656},
PAGES={5--28},
YEAR=2010
}

@article{williams,
AUTHOR={M.O. Williams and I. G. Kevrekidis and C. W. Rowley},
TITLE={A data-driven approximation of the {K}oopman operator: extending dynamic mode decomposition},
JOURNAL={J. Nonlin. Sci.},
VOLUME={25},
PAGES={1307--1346},
YEAR=2015
}

@book{kutz,
AUTHOR={J.N. Kutz and S.L. Brunton and B.W. Brunton and J.L. Proctor},
TITLE={Dynamic Mode Decomposition: Data-driven modeling of complex systems},
PUBLISHER={SIAM},
ADDRESS={Philadelphia, PA},
YEAR=2016
}

@article{navon,
AUTHOR={N. Navon and A.L. Gaunt and R.P. Smith and Z. Hadzibabic},
TITLE={Emergence of a turbulence cascade in a quantum gas},
JOURNAL={Nature},
VOLUME={539},
PAGES={72-75},
YEAR=2016
}

@book{pethick,
AUTHOR={C.J. Pethick and H. Smith},
TITLE={Bose--{E}instein Condensation in Dilute Gases},
PUBLISHER={Cambridge University Press},
ADDRESS={Cambridge},
YEAR=2011
}

@article{zakharov,
AUTHOR={V.E. Zakharov},
TITLE={Weak Turbulence in media with decay dispersion law},
JOURNAL={Zh. Prikl. Mekh I Tekhn. Fiz.},
VOLUME={4},
PAGES={35},
YEAR=1965
}